<record><leader>00000cas a22000007a 4500</leader><controlfield tag="001">13400543</controlfield><controlfield tag="008">860407c18969999wiuwr ne      0    0eng d</controlfield><datafield ind1=" " ind2=" " tag="010"><subfield code="a">sn 86086435 </subfield></datafield><datafield ind1=" " ind2=" " tag="040"><subfield code="a">NPV</subfield><subfield code="b">eng</subfield><subfield code="c">NPV</subfield><subfield code="d">OCLCQ</subfield></datafield><datafield ind1=" " ind2=" " tag="042"><subfield code="a">msc</subfield></datafield><datafield ind1=" " ind2=" " tag="045"><subfield code="a">w9--</subfield></datafield><datafield ind1=" " ind2=" " tag="052"><subfield code="a">4123</subfield><subfield code="b">B3</subfield></datafield><datafield ind1="0" ind2=" " tag="130"><subfield code="a">Rice Lake chronotype (Rice Lake, Wis. : 1896)</subfield></datafield><datafield ind1="1" ind2="4" tag="245"><subfield code="a">The Rice Lake chronotype.</subfield></datafield><datafield ind1="1" ind2="3" tag="246"><subfield code="a">Rice Lake chronotype and the Rice Lake times</subfield></datafield><datafield ind1="1" ind2="3" tag="246"><subfield code="a">Rice Lake chronotype and Rice Lake independent</subfield></datafield><datafield ind1=" " ind2=" " tag="260"><subfield code="a">Rice Lake, Wis. :</subfield><subfield code="b">E.N. Bowers</subfield></datafield><datafield ind1=" " ind2=" " tag="300"><subfield code="a">v.</subfield></datafield><datafield ind1=" " ind2=" " tag="310"><subfield code="a">Weekly</subfield></datafield><datafield ind1="1" ind2=" " tag="362"><subfield code="a">Began in 1896.</subfield></datafield><datafield ind1=" " ind2=" " tag="500"><subfield code="a">Title varies: Rice Lake chronotype and the Rice Lake times, May 3, 1923-Feb. 13, 1924.</subfield></datafield><datafield ind1=" " ind2=" " tag="500"><subfield code="a">Title varies: Rice Lake chronotype and Rice Lake independent, May 17, 1933-Feb. 7, 1934.</subfield></datafield><datafield ind1=" " ind2=" " tag="500"><subfield code="a">Publisher varies.</subfield></datafield><datafield ind1=" " ind2=" " tag="500"><subfield code="a">Editors: E.C. McClelland, Sept. 5, 1918-Jan. 30, 1919; R.C. Peck, Feb. 6-Aug. 14, 1919; R.P. Young, Aug. 7, 1940-March 27, 1946; A.T. Axtell, Feb. 22, 1956-Aug. 23, 1978.</subfield></datafield><datafield ind1=" " ind2=" " tag="515"><subfield code="a">Adds vol. numbering of Rice Lake leader: v. 13, (Mar. 5, 1909)-v. 28, (Feb. 13, 1924).</subfield></datafield><datafield ind1=" " ind2=" " tag="515"><subfield code="a">Adds vol. numbering of Rice Lake independent: v. 41, (May 17, 1923)-v. 42 (Feb. 13, 1924).</subfield></datafield><datafield ind1=" " ind2=" " tag="525"><subfield code="a">Supplements accompany some issues.</subfield></datafield><datafield ind1=" " ind2=" " tag="530"><subfield code="a">Available on microfilm from The State Historical Society of Wisconsin.</subfield></datafield><datafield ind1=" " ind2=" " tag="588"><subfield code="a">Description based on: Vol. 23, no. 25 (Dec. 18, 1896).</subfield></datafield><datafield ind1=" " ind2=" " tag="752"><subfield code="a">United States</subfield><subfield code="b">Wisconsin</subfield><subfield code="c">Barron</subfield><subfield code="d">Rice Lake.</subfield></datafield><datafield ind1="0" ind2="0" tag="780"><subfield code="t">Chronotype (Rice Lake, Wis. : 1895)</subfield><subfield code="w">(DLC)sn 86086434</subfield></datafield><datafield ind1="0" ind2="5" tag="785"><subfield code="t">Rice Lake leader</subfield><subfield code="w">(DLC)sn 85041409</subfield></datafield><datafield ind1="0" ind2="5" tag="785"><subfield code="t">Rice Lake times</subfield><subfield code="w">(DLC)sn 85041396</subfield></datafield><datafield ind1="0" ind2="5" tag="785"><subfield code="t">Rice Lake independent</subfield><subfield code="w">(DLC)sn 85041384</subfield></datafield><datafield ind1="0" ind2="5" tag="785"><subfield code="t">Rice Lake bulletin</subfield><subfield code="w">(DLC)sn 86086289</subfield></datafield><datafield ind1="1" ind2=" " tag="029"><subfield code="a">AU@</subfield><subfield code="b">000025828823</subfield></datafield></record>